@Article{Arecesetal2000,
author = {Carlos Areces and Patrick Blackburn and Maarten
Marx.},
title = {The computational complexity of hybrid temporal logics},
journal = {Journal of the IGPL},
year = {2000},
volume = {8},
number = {5},
pages = {653--679},
}

@InCollection{ArecesBlackburn2005,
author = {Carlos Areces and Patric Blackburn},
title = {Reichenbach, Prior and Montague: A semantic get-together},
booktitle = {Essays in Honour of Dov Gabbay},
publisher = {College Publications},
year = {2005},
editor =  {S. Artemov and H. Barringer and A. d'Avila Garcez and L. Lamb and J. Woods},
}

@Article{Blackburn1994,
author = {Patrick Blackburn},
title = {Tense, temporal reference and
tense logic},
journal = {Journal of Semantics},
year = {1994},
volume = {11},
number = {},
pages = {83--101},
}

@Article{Blackburnetal1995,
author = {Patrick Blackburn and Jerry Seligman},
title = {Hybrid Languages},
journal = {Journal of Logic, Language and Information},
year = {1995},
volume = {4},
pages = {251--272},
}

@book{Blackburnetal2007,
author = { Patrick Blackburn and Johan Van Benthem and
Frank Wolter},
title = {Handbook of Modal Logic},
publisher = {Elsevier},
year = 2007
}

@article{Henkin1996,
author = {Leon Henkin},
title = {The Discovery of My Completeness
Proofs},
journal = {The Bulletin of Symbolic Logic},
volume =  2,
number =  2,
year = 1996,
pages = {127--158}}

@article{Henkin1949,
author = {Leon Henkin},
title = {The Completeness of the First-Order
Functional Calculus},
journal = {The Journal of Symbolic Logic},
volume = 14, 
number =3,
year = 1949,
pages = {159--166}}

@article{Henkin1950,
author = {Leon Henkin},
title = {Completeness in the Theory of Types},
journal = {The Journal of Symbolic Logic},
volume = 15,
number = 2,
year = 1950,
pages = {81--91}}

@Misc{HLweb,
OPTtitle = {Hybrid Logics Web Page \url{http://hylo.loria.fr}}}

@article{Montague1970,
author = {Richard Montague},
title = {Universal grammar},
journal = {Theoria},
volume = 36,
year = 1970,
pages = {373--398},
note = {Reprinted in~\cite{Thomason1974}}}

@incollection{Montague1973,
author = {Richard Montague},
title = {The Proper Treatment of
Quantification in Ordinary English},
editor = {J. Hintikka and J. Moravcsik and P. Suppes}, 
booktitle = {Approaches to Natural Language}, 
pages = {221--242},
publisher = {Reidel}, 
year = 1973}

@book{Prior1967,
author = {Arthur Prior},
title = {Past, Present and Future},
publisher = {Clarendon Press},
year = 1967}

@incollection{Reichenbach1947,
author = {Hans Reichenbach},
title = {The tenses of verbs}, 
booktitle = {Elements of Symbolic Logic},
publisher = {Random House}, 
year = 1947}

@book{Thomason1974,
editor = {Richmond Thomason},
title = {Formal Philosophy. Selected Papers by Richard Montague}, 
year = 1974}
